@book{o2014analysis,
  title={Analysis of boolean functions},
  author={O'Donnell, Ryan},
  year={2014},
  publisher={Cambridge University Press}
},
@article{kushilevitz1997communication,
  title={Communication complexity},
  author={Kushilevitz, Eyal},
  journal={Advances in Computers},
  volume={44},
  pages={331--360},
  year={1997},
  publisher={Elsevier}
},
@book{kullback1997information,
  title={Information theory and statistics},
  author={Kullback, Solomon},
  year={1997},
  publisher={Courier Dover Publications}
},
@inproceedings{huang2004extreme,
  title={Extreme learning machine: a new learning scheme of feedforward neural networks},
  author={Huang, Guang-Bin and Zhu, Qin-Yu and Siew, Chee-Kheong},
  booktitle={Neural Networks, 2004. Proceedings. 2004 IEEE International Joint Conference on},
  volume={2},
  pages={985--990},
  year={2004},
  organization={IEEE}
},
@article{huang2012extreme,
  title={Extreme learning machine for regression and multiclass classification},
  author={Huang, Guang-Bin and Zhou, Hongming and Ding, Xiaojian and Zhang, Rui},
  journal={Systems, Man, and Cybernetics, Part B: Cybernetics, IEEE Transactions on},
  volume={42},
  number={2},
  pages={513--529},
  year={2012},
  publisher={IEEE}
}